@book{grosskopf2019gesellschaftsspiele,
  title={Gesellschaftsspiele: Zum Mitmachen, Nachmachen und Selberbauen},
  author={Gro√ükopf, W. and Schubert, L.},
  year={2019},
  publisher={Selbstverlegt}
}

@article{duncan1957games,
  title={Games and decisions: Introduction and critical survey},
  author={Duncan Luce, R and Raiffa, Howard},
  journal={New York, Jone W iley \& Sons, lnc},
  volume={1},
  pages={958},
  year={1957}
}

@book{rashid2017neuronale,
  title={Neuronale Netze selbst programmieren: ein verst{\"a}ndlicher Einstieg mit Python},
  author={Rashid, Tariq},
  year={2017},
  publisher={O'Reilly}
}

@book{rashid2017neuronale,
  title={Neuronale Netze selbst programmieren: Ein verst{\"a}ndlicher Einstieg mit Python},
  author={Rashid, T. and Langenau, F.},
  isbn={9783960101031},
  series={Animals},
  url={https://books.google.de/books?id=b9N3DwAAQBAJ},
  year={2017},
  publisher={O'Reilly}
}