@online{dudenHeuristik,
  author = "Dudenredaktion",
  title = "Heuristik -- auf Duden online",
  url = "https://www.duden.de/node/66177/revision/66213",
  urldate = {2020-05-25}
}

@online{oeisTTTstates,
  title = "A008907 -- OEIS",
  year = "2001. Zugegriffen 25. Mai 2020",
  url = {https://oeis.org/A008907},
  urldate = {2020-05-25}
}

@online{uniMueTTT,
  title = "Tic Tac Toe -- Wikiludia",
  year = "2020. Zugegriffen 25. Mai 2020",
  url = "http://wikiludia.mathematik.uni-muenchen.de/wiki/index.php?title=Tic_Tac_Toe&oldid=8115",
  urldate = {2020-05-25}
}

@online{wolframNatom,
  title = "universe atom count -- WolframAlpha",
  url = "https://www.wolframalpha.com/input/?i=universe+atom+count",
  urldate = {2020-05-25}
}



@article{abu2019,
  title={Tic-Tac-Toe Learning Using Artificial Neural Networks},
  author={Abu Dalffa, Mohaned and Abu-Nasser, Bassem S. and Abu-Naser, Samy S.},
  year={2019},
  publisher={IJARW}
}

@inproceedings{fridenfalk2014,
  title={N-Person Minimax and Alpha-Beta Pruning},
  author={Fridenfalk, Mikael},
  booktitle={NICOGRAPH International 2014},
  pages={43--52},
  year={2014}
}

@book{geithner2013,
  title={Nachgemacht: Spielekopien aus der DDR},
  author={Geithner, Michael and Thiele, Martin},
  year={2013},
  publisher={DDR Museum Verlag}
}

@book{grosskopf2019,
  title={Gesellschaftsspiele: Zum Mitmachen, Nachmachen und Selberbauen},
  author={Gro√ükopf, W. and Schubert, L.},
  year={2019},
  publisher={Selbstverlegt}
}

@article{knuth1975,
  title={An Analysis of Alpha-Beta Pruning},
  author={Knuth, Donald E. and Moore, Ronald W.},
  journal={Artificial Intelligence},
  volume={6},
  number={4},
  pages={293--326},
  year={1975},
  publisher={Elsevier}
}

@book{luce1957,
  title={Games and Decisions: Introduction and Critical Survey},
  author={Luce, Robert Duncan and Raiffa, Howard},
  year={1957},
  publisher={John Wiley, New York},
  url={https://www.buecher.de/40289426/}
}

@inproceedings{luckhart1986,
  title={An Algorithmic Solution of N-Person Games},
  author={Luckhart, Carol A. and Irani, Keki B.},
  booktitle={AAAI},
  volume={86},
  pages={158--162},
  year={1986}
}

@book{morgenstern1947,
  title={Theory of Games and Economic Behavior},
  author={Morgenstern, Oskar and von Neumann, John},
  year={1947},
  publisher={Princeton University Press}
}

@article{pearl1984,
  title={Heuristics Addison-Wesley},
  author={Pearl, J.},
  journal={Reading, MA},
  year={1984}
}

@book{riechmann2014,
  title={Spieltheorie},
  author={Riechmann, Thomas},
  year={2014},
  publisher={Vahlen}
}

@article{shannon1950,
  title={Programming a Computer for Playing Chess},
  author={Shannon, Claude E.},
  journal={Philosophical Magazine},
  volume={41},
  number={314},
  pages={256--275},
  year={1950},
  publisher={Taylor \& Francis}
}

@article{sturtevant2000,
  title={On Pruning Techniques for Multi-Player Games},
  author={Sturtevant, Nathan R. and Korf, Richard E.},
  journal={AAAI-2000},
  volume={49},
  pages={201--207},
  year={2000}
}

@phdthesis{sturtevant2003,
  title={Multi-Player Games: Algorithms and Approaches},
  author={Sturtevant, Nathan R.},
  year={2003},
  school={University of California}
}