@article{abu2019tic,
  title={Tic-Tac-Toe Learning Using Artificial Neural Networks},
  author={Abu Dalffa, Mohaned and Abu-Nasser, Bassem S and Abu-Naser, Samy S},
  year={2019},
  publisher={IJARW}
}

@article{ghory2004reinforcement,
  title={Reinforcement learning in board games},
  author={Ghory, Imran},
  journal={Department of Computer Science, University of Bristol, Tech. Rep},
  volume={105},
  year={2004}
}

@article{duncan1957games,
  title={Games and decisions: Introduction and critical survey},
  author={Duncan Luce, R and Raiffa, Howard},
  journal={New York, Jone W iley \& Sons, lnc},
  volume={1},
  pages={958},
  year={1957}
}

@article{nissen2003implementation,
  title={Implementation of a fast artificial neural network library (fann)},
  author={Nissen, Steffen and others},
  journal={Report, Department of Computer Science University of Copenhagen (DIKU)},
  volume={31},
  pages={29},
  year={2003}
}

@article{shannon1950xxii,
  title={XXII. Programming a computer for playing chess},
  author={Shannon, Claude E},
  journal={The London, Edinburgh, and Dublin Philosophical Magazine and Journal of Science},
  volume={41},
  number={314},
  pages={256--275},
  year={1950},
  publisher={Taylor \& Francis}
}

@article{silver2017mastering,
  title={Mastering chess and shogi by self-play with a general reinforcement learning algorithm},
  author={Silver, David and Hubert, Thomas and Schrittwieser, Julian and Antonoglou, Ioannis and Lai, Matthew and Guez, Arthur and Lanctot, Marc and Sifre, Laurent and Kumaran, Dharshan and Graepel, Thore and others},
  journal={arXiv preprint arXiv:1712.01815},
  year={2017}
}

@article{sturtevant2000pruning,
  title={On pruning techniques for multi-player games},
  author={Sturtevant, Nathan R and Korf, Richard E},
  journal={AAAI/IAAI},
  volume={49},
  pages={201--207},
  year={2000}
}

@book{grosskopf2019gesellschaftsspiele,
  title={Gesellschaftsspiele: Zum Mitmachen, Nachmachen und Selberbauen},
  author={Gro√ükopf, W. and Schubert, L.},
  year={2019},
  publisher={Selbstverlegt}
}

@book{lammel2020kunstliche,
  title={K{\"u}nstliche Intelligenz: Wissensverarbeitung--Neuronale Netze},
  author={L{\"a}mmel, Uwe and Cleve, J{\"u}rgen},
  year={2020},
  publisher={Carl Hanser Verlag GmbH Co KG}
}

@book{patterson2017deep,
  title={Deep Learning: A Practitioner's Approach},
  author={Patterson, J. and Gibson, A.},
  isbn={9781491914236},
  url={https://books.google.de/books?id=qrcuDwAAQBAJ},
  year={2017},
  publisher={O'Reilly Media}
}

@book{rapoport2013two,
  title={Two-Person Game Theory},
  author={Rapoport, A.},
  isbn={9780486281094},
  series={Dover Books on Mathematics},
  url={https://books.google.de/books?id=xfrDAgAAQBAJ},
  year={2013},
  publisher={Dover Publications}
}

@book{rashid2017neuronale,
  title={Neuronale Netze selbst programmieren: Ein verst{\"a}ndlicher Einstieg mit Python},
  author={Rashid, T. and Langenau, F.},
  isbn={9783960101031},
  series={Animals},
  url={https://books.google.de/books?id=b9N3DwAAQBAJ},
  year={2017},
  publisher={O'Reilly}
}

@book{rey2011neuronale,
  title={Neuronale Netze: eine Einf{\"u}hrung in die Grundlagen, Anwendungen und Datenauswertung},
  author={Rey, G.D. and Wender, K.F.},
  isbn={9783456848815},
  series={Aus dem Programm Huber: Psychologie-Lehrbuch},
  url={https://books.google.de/books?id=CJSrbwAACAAJ},
  year={2011},
  publisher={Huber}
}

@book{sutton2018reinforcement,
  title={Reinforcement Learning: An Introduction},
  author={Sutton, R.S. and Barto, A.G.},
  isbn={9780262039246},
  lccn={2018023826},
  series={Adaptive Computation and Machine Learning series},
  url={https://books.google.de/books?id=6DKPtQEACAAJ},
  year={2018},
  publisher={MIT Press}
}

@inproceedings{chaslot2008monte,
  title={Monte-Carlo Tree Search: A New Framework for Game AI.},
  author={Chaslot, Guillaume and Bakkes, Sander and Szita, Istvan and Spronck, Pieter},
  booktitle={AIIDE},
  year={2008}
}

@inproceedings{fridenfalk2014n,
  title={N-Person Minimax and Alpha-Beta Pruning},
  author={Fridenfalk, Mikael},
  booktitle={NICOGRAPH International 2014, Visby, Sweden, May 2014},
  pages={43--52},
  year={2014}
}

@inproceedings{luckhart1986algorithmic,
  title={An Algorithmic Solution of N-Person Games.},
  author={Luckhart, Carol and Irani, Keki B},
  booktitle={AAAI},
  volume={86},
  pages={158--162},
  year={1986}
}

@inproceedings{tesauro1988neural,
  title={A'neural'network that learns to play backgammon},
  author={Tesauro, Gerald and Sejnowski, Terrence J},
  booktitle={Neural information processing systems},
  pages={794--803},
  year={1988}
}

@techreport{harmon1997reinforcement,
  title={Reinforcement Learning: A Tutorial.},
  author={Harmon, Mance E and Harmon, Stephanie S},
  year={1997},
  institution={WRIGHT LAB WRIGHT-PATTERSON AFB OH}
}